@article{Schertel_2019,
   title={Magnetic-field effects on one-dimensional Anderson localization of light},
   volume={100},
   ISSN={2469-9934},
   url={http://dx.doi.org/10.1103/PhysRevA.100.043818},
   DOI={10.1103/physreva.100.043818},
   number={4},
   journal={Physical Review A},
   publisher={American Physical Society (APS)},
   author={Schertel, Lukas and Irtenkauf, Oliver and Aegerter, Christof M. and Maret, Georg and Aubry, Geoffroy J.},
   year={2019},
   month={10}
}
% introduction
@article{BCS1957,
  title = {Theory of Superconductivity},
  author = {Bardeen, J. and Cooper, L. N. and Schrieffer, J. R.},
  journal = {Phys. Rev.},
  volume = {108},
  issue = {5},
  pages = {1175--1204},
  numpages = {0},
  year = {1957},
  month = {12},
  publisher = {American Physical Society},
  doi = {10.1103/PhysRev.108.1175}
}
@article{FF1964,
  title = {Superconductivity in a Strong Spin-Exchange Field},
  author = {Fulde, Peter and Ferrell, Richard A.},
  journal = {Phys. Rev.},
  volume = {135},
  issue = {3A},
  pages = {A550--A563},
  numpages = {0},
  year = {1964},
  month = {8},
  publisher = {American Physical Society},
  doi = {10.1103/PhysRev.135.A550}
}
@article{LO1969,
   author = {{Larkin}, A. I. and {Ovchinnikov}, Yu. N.},
    title = {Quasiclassical Method in the Theory of Superconductivity},
  journal = {Soviet Journal of Experimental and Theoretical Physics},
     year = {1969},
    month = {6},
   volume = {28},
    pages = {1200}
}
@article{Keitzer2006,
   author = {Keizer, R. S. and Goennenwein, S. T. B. and Klapwijk, T. M. and Miao, G. and Xiao, G. and Gupta, A.},
    title = {A spin triplet supercurrent through the half-metallic ferromagnet CrO$_2$},
  journal = {Nature},
     year = {2006},
   volume = {439},
  doi = {10.1038/nature04499},
}
@article {Robinson2010,
	author = {Robinson, J. W. A. and Witt, J. D. S. and Blamire, M. G.},
	title = {Controlled Injection of Spin-Triplet Supercurrents into a Strong Ferromagnet},
	volume = {329},
	number = {5987},
	pages = {59--61},
	year = {2010},
	doi = {10.1126/science.1189246},
	journal = {Science}
}
@article{Kalcheim2014,
  title = {Magnetic field dependence of the proximity-induced triplet superconductivity at ferromagnet/superconductor interfaces},
  author = {Kalcheim, Yoav and Felner, Israel and Millo, Oded and Kirzhner, Tal and Koren, Gad and Di Bernardo, Angelo and Egilmez, Mehmet and Blamire, Mark G. and Robinson, J. W. A.},
  journal = {Phys. Rev. B},
  volume = {89},
  issue = {18},
  pages = {180506},
  numpages = {5},
  year = {2014},
  month = {5},
  publisher = {American Physical Society},
  doi = {10.1103/PhysRevB.89.180506}
}

@article{Hikino2007,
  title = {Supercurrent Pumping in Josephson Junctions with a Half-Metallic Ferromagnet},
  author = {Takahashi, S. and Hikino, S. and Mori, M. and Martinek, J. and Maekawa, S.},
  journal = {Phys. Rev. Lett.},
  volume = {99},
  issue = {5},
  pages = {057003},
  numpages = {4},
  year = {2007},
  month = {8},
  publisher = {American Physical Society},
  doi = {10.1103/PhysRevLett.99.057003}
}
@article{Hikino_2011,
	doi = {10.1088/0953-2048/24/2/024008},
	year = 2011,
	month = {1},
	publisher = {{IOP} Publishing},
	volume = {24},
	number = {2},
	pages = {024008},
	author = {S Hikino and M Mori and S Takahashi and S Maekawa},
	title = {Microwave-induced supercurrent in a ferromagnetic Josephson junction},
	journal = {Superconductor Science and Technology}
}
@article{Jeon2018,
author = {Jeon, K-R and Ciccarelli, C and Ferguson, AJ and Kurebayashi, H and Cohen, L and Montiel, X and Eschrig, M and Robinson, JWA and Blamire, MG},
doi = {10.1038/s41563-018-0058-9},
journal = {Nature Materials},
pages = {499--503},
title = {Enhanced spin pumping into superconductors provides evidence for superconducting pure spin currents},
volume = {17},
year = {2018}
}


% LGG
@incollection{LANDAU199251,
title = {On the theory of the dispersion of magnetic permeability in ferromagnetic bodiesâ€ƒ},
booktitle = {Perspectives in Theoretical Physics},
publisher = {Pergamon},
address = {Amsterdam},
pages = {51-65},
year = {1992},
isbn = {978-0-08-036364-6},
doi = {10.1016/B978-0-08-036364-6.50008-9},
author = {L. Landau and E. Lifshitz}
}
@ARTICLE{Gilbert2004,
  author={T. L. {Gilbert}},
  journal={IEEE Transactions on Magnetics}, 
  title={A phenomenological theory of damping in ferromagnetic materials}, 
  year={2004},
  volume={40},
  number={6},
  pages={3443-3449},
  doi={10.1109/TMAG.2004.836740}}
  
@book{gurevich1996magnetization,
  title={Magnetization Oscillations and Waves},
  author={Gurevich, A.G. and Melkov, G.A.},
  isbn={9780849394607},
  lccn={96034577},
  year={1996},
  publisher={Taylor \& Francis}
}
@article{Beaujour2009,
   title={Ferromagnetic resonance linewidth in ultrathin films with perpendicular magnetic anisotropy},
   volume={80},
   ISSN={1550-235X},
   DOI={10.1103/physrevb.80.180415},
   number={18},
   journal={Physical Review B},
   publisher={American Physical Society (APS)},
   author={Beaujour, J.-M. and Ravelosona, D. and Tudosa, I. and Fullerton, E. E. and Kent, A. D.},
   year={2009},
   month={11}
}
@article{schneider2007,
author = {Schneider,M. L.  and Shaw,J. M.  and Kos,A. B.  and Gerrits,Th.  and Silva,T. J.  and McMichael,R. D. },
title = {Spin dynamics and damping in nanomagnets measured directly by frequency-resolved magneto-optic Kerr effect},
journal = {Journal of Applied Physics},
volume = {102},
number = {10},
pages = {103909},
year = {2007},
doi = {10.1063/1.2812541},
eprint = {https://doi.org/10.1063/1.2812541}}

@article{Baselgia1988,
  title = {Derivation of the resonance frequency from the free energy of ferromagnets},
  author = {Baselgia, L. and Warden, M. and Waldner, F. and Hutton, Stuart L. and Drumheller, John E. and He, Y. Q. and Wigen, P. E. and Mary\ifmmode \check{s}\else \v{s}\fi{}ko, M.},
  journal = {Phys. Rev. B},
  volume = {38},
  issue = {4},
  pages = {2237--2242},
  numpages = {0},
  year = {1988},
  month = {8},
  publisher = {American Physical Society},
  doi = {10.1103/PhysRevB.38.2237}
}
@article{dreher2012,
  title = {Surface acoustic wave driven ferromagnetic resonance in nickel thin films: Theory and experiment},
  author = {Dreher, L. and Weiler, M. and Pernpeintner, M. and Huebl, H. and Gross, R. and Brandt, M. S. and Goennenwein, S. T. B.},
  journal = {Phys. Rev. B},
  volume = {86},
  issue = {13},
  pages = {134415},
  numpages = {13},
  year = {2012},
  month = {10},
  publisher = {American Physical Society},
  doi = {10.1103/PhysRevB.86.134415}
}


% Kittel
@book{kittel1996,
  added-at = {2010-11-06T00:14:39.000+0100},
  author = {Kittel, Charles},
  edition = {7th},
  interhash = {ffe39c8bd18c46bbd67a838d21161a64},
  intrahash = {a4e2b80e0c4c0c7421ea8d317a7d42d8},
  keywords = {imported},
  owner = {Nick},
  publisher = {John Wiley \& Sons, Inc.},
  timestamp = {2010-11-06T00:14:42.000+0100},
  title = {Introduction to Solid State Physics},
  year = 1996
}
@article{Kalarickal2006,
author = {Kalarickal, Sangita and Krivosik, Pavol and Wu, Mingzhong and Patton, Carl and Schneider, Michael and Kabos, Pavel and Silva, Tom and Nibarger, J.},
year = {2006},
month = {05},
pages = {},
title = {Ferromagnetic resonance linewidth in metallic thin films},
subtitle = {Comparison of measurement methods},
volume = {99},
journal = {Journal of Applied Physics - J APPL PHYS},
doi = {10.1063/1.2197087}
}
@article{khivintsev2010,
author = {Khivintsev, Yuri and Reisman, L. and Lovejoy, J. and Adam, R. and Schneider, Claus and Camley, R. and Celinski, Zbigniew},
year = {2010},
month = {08},
pages = {023907 - 023907},
title = {Spin wave resonance excitation in ferromagnetic films using planar waveguide structures},
volume = {108},
journal = {Journal of Applied Physics},
doi = {10.1063/1.3435318}
}
@article{goel2019,
  title = {In-plane to perpendicular magnetic anisotropy switching in heavily-Fe-doped ferromagnetic semiconductor (Ga,Fe)Sb with high Curie temperature},
  author = {Goel, Shobhit and Anh, Le Duc and Tu, Nguyen Thanh and Ohya, Shinobu and Tanaka, Masaaki},
  journal = {Phys. Rev. Materials},
  volume = {3},
  issue = {8},
  pages = {084417},
  numpages = {7},
  year = {2019},
  month = {8},
  publisher = {American Physical Society},
  doi = {10.1103/PhysRevMaterials.3.084417}
}
@article{nembach2011,
author = {Nembach, Hans and Silva, Tom and Shaw, Justin and Schneider, M. and Carey, M. and Maat, Stefan and Childress, Jeff},
year = {2011},
month = {08},
pages = {},
title = {Perpendicular ferromagnetic resonance measurements of damping and Lande $g$-factor in sputtered (Co$_2$Mn)$_{(1-x)}$Ge$_{-x}$ thin films},
volume = {84},
journal = {Phys. Rev. B},
doi = {10.1103/PhysRevB.84.054424}
}
@article{cao2016,
author = {Cao, Derang and Cheng, Xiaohong and Pan, Lining and Zengtai, Zhu and Hongmei, Feng and Zhenkun, Wang and Wang, Jianbo and Liu, Qingfang and Han, Genliang},
year = {2016},
month = {12},
pages = {1-1},
title = {Estimating the In-Plane Magnetic Anisotropy and Saturation Magnetization of Magnetic Films},
volume = {PP},
journal = {IEEE Transactions on Magnetics},
doi = {10.1109/TMAG.2016.2646662}
}
@article{Su2003,
author = {Su, Chiung-Wu and Ho, Hong and Shern, C. and Chen, R.},
year = {2003},
month = {10},
title = {Changes in the Magnetic Anisotropy of Co Thin Films on Pt(111) Capped by Ag Overlayers},
volume = {41},
journal = {Chinese Journal of Physics - CHIN J PHYS}
}
@article{McGee1993,
author = {McGee,N. W. E.  and Johnson,M. T.  and de Vries,J. J.  and aan de Stegge,J. },
title = {Localized Kerr study of the magnetic properties of an ultrathin epitaxial Co wedge grown on Pt(111)},
journal = {Journal of Applied Physics},
volume = {73},
number = {7},
pages = {3418-3425},
year = {1993},
doi = {10.1063/1.352943}
}
@article{Ujfalussy1996,
  title = {First-Principles Calculation of the Anomalous Perpendicular Anisotropy in a Co Monolayer on Au(111)},
  author = {Ujfalussy, B. and Szunyogh, L. and Bruno, P. and Weinberger, P.},
  journal = {Phys. Rev. Lett.},
  volume = {77},
  issue = {9},
  pages = {1805--1808},
  numpages = {0},
  year = {1996},
  month = {8},
  publisher = {American Physical Society},
  doi = {10.1103/PhysRevLett.77.1805}
}
@article{SZUNYOGH1997,
title = {Anomalous perpendicular magnetic anisotropy in a Co monolayer on Au(111)},
journal = {Journal of Magnetism and Magnetic Materials},
volume = {165},
number = {1},
pages = {254-257},
year = {1997},
note = {Symposium E: Magnetic Ultrathin Films, Multilayers and Surfaces},
issn = {0304-8853},
doi = {10.1016/S0304-8853(96)00522-7}
}
@article{Caplan1965,
  title = {Critical-Field Study of Superconducting Aluminum},
  author = {Caplan, Sandor and Chanin, Gerald},
  journal = {Phys. Rev.},
  volume = {138},
  issue = {5A},
  pages = {A1428--A1433},
  numpages = {0},
  year = {1965},
  month = {5},
  publisher = {American Physical Society},
  doi = {10.1103/PhysRev.138.A1428}
}
@article{Tedrow1982,
  title = {Critical magnetic field of very thin superconducting aluminum films},
  author = {Tedrow, P. M. and Meservey, R.},
  journal = {Phys. Rev. B},
  volume = {25},
  issue = {1},
  pages = {171--178},
  numpages = {0},
  year = {1982},
  month = {1},
  publisher = {American Physical Society},
  doi = {10.1103/PhysRevB.25.171}
}
% CPW
@article{karlqvist1954calculation,
  title={Calculation of the magnetic field in the ferromagnetic layer of a magnetic drum},
  author={Karlqvist, Olle},
  year={1954},
  publisher={Elanders boktr.;[H. Lindst{\aa}hls bokhandel i distribution]}
}

@book{wadell1991transmission,
  title={Transmission Line Design Handbook},
  author={Wadell, B.C.},
  isbn={9780890064368},
  lccn={91013328},
  series={ARTECH HOUSE ANTENNAS AND PROPAGATION LIBRARY},
  year={1991},
  publisher={Artech House},
  page={79}
}

@inbook{wiley2001CPW,
publisher = {John Wiley \& Sons, Ltd},
isbn = {9780471224754},
title = {Conventional Coplanar Waveguide},
booktitle = {Coplanar Waveguide Circuits, Components, and Systems},
chapter = {2},
pages = {11-86},
doi = {10.1002/0471224758.ch2},
year = {2001}
}
% coherence length

@article{buzdin2006,
author = {Buzdin, A. and Ryazanov, Valeriy},
year = {2006},
month = {01},
pages = {107-115},
title = {Proximity effect in superconductorâ€“ferromagnet heterostructures},
volume = {7},
journal = {Comptes Rendus Physique},
doi = {10.1016/j.crhy.2005.12.006}
}
@article{gall2016,
author = {Gall, Daniel},
year = {2016},
month = {02},
pages = {085101},
title = {Electron mean free path in elemental metals},
volume = {119},
journal = {Journal of Applied Physics},
doi = {10.1063/1.4942216}
}
@book{aharoni2000,
  title={Introduction to the Theory of Ferromagnetism},
  author={Aharoni, A. and Aharoni, R.K.P.T.M.A.},
  isbn={9780198508083},
  lccn={2001268060},
  series={International series of monographs on physics},
  year={2000},
  publisher={Oxford University Press}
}
@article{bergeret2001,
author = {Bergeret, F and Volkov, A. and Efetov, Konstantin},
year = {2001},
month = {05},
pages = {4096-9},
title = {Long-Range Proximity Effects in Super Conductor-Ferromagnet Structures},
volume = {86},
journal = {Physical review letters},
doi = {10.1103/PhysRevLett.86.4096}
}
@book{buckel2013,
publisher = {John Wiley \& Sons, Ltd},
author={W. Buckel, R Kleiner},
isbn = {9783527668670},
title = {Josephsonkontakte und ihre Eigenschaften},
booktitle = {Supraleitung},
chapter = {6},
pages = {327-379},
doi = {10.1002/9783527668670.ch6},
year = {2013}
}
% state of the art
@article{Tamaru2018,
author = {Tamaru,S.  and Tsunegi,S.  and Kubota,H.  and Yuasa,S. },
title = {Vector network analyzer ferromagnetic resonance spectrometer with field differential detection},
journal = {Review of Scientific Instruments},
volume = {89},
number = {5},
pages = {053901},
year = {2018},
doi = {10.1063/1.5022762}
}
@article{Harward2011,
author = {Harward,I.  and Oâ€™Keevan,T.  and Hutchison,A.  and Zagorodnii,V.  and Celinski,Z. },
title = {A broadband ferromagnetic resonance spectrometer to measure thin films up to 70 GHz},
journal = {Review of Scientific Instruments},
volume = {82},
number = {9},
pages = {095115},
year = {2011},
doi = {10.1063/1.3641319}
}
@article{Denysenkov2003,
author = {Denysenkov,V. P.  and Grishin,A. M. },
title = {Broadband ferromagnetic resonance spectrometer},
journal = {Review of Scientific Instruments},
volume = {74},
number = {7},
pages = {3400-3405},
year = {2003},
doi = {10.1063/1.1581395}
}
@article{Bilzer2007,
author = {Bilzer,C.  and Devolder,T.  and Crozat,P.  and Chappert,C.  and Cardoso,S.  and Freitas,P. P. },
title = {Vector network analyzer ferromagnetic resonance of thin films on co-planar waveguides: Comparison of different evaluation methods},
journal = {Journal of Applied Physics},
volume = {101},
number = {7},
pages = {074505},
year = {2007},
doi = {10.1063/1.2716995}
}





%%%%%%%%%%%%%%%%%%%%%%%%%%%%%%%%%%%%%%%%%%%%%%%%%%%%%%%%%%%%%%%%%%%%%%%%%%
% SAMPLE
%%%%%%%%%%%%%%%%%%%%%%%%%%%%%%%%%%%%%%%%%%%%%%%%%%%%%%%%%%%%%%%%%%%%%%%%%%
@manual{APR5300manual,
author = {Allresist GmbH},
title = {Positiv-Photoresists fÃ¼r Lift-off AR-P 5300},
year = {2015},
language = {German}
}
@manual{smartprintmanual,
author = {Smart Force Technologies SAS},
title = {BF-LD400 Cryogen-free Dilution Refrigerator System},
year = {2018},
version = {1.5}
}
@manual{inkscapemanual,
author = {Inkscape Documentation Authors},
title = {Inkscape Beginnersâ€™ Guide},
year = {2020},
version = {1.0.2}
}
@manual{AR30026manual,
author = {Allresist GmbH},
title = {Entwickler fÃ¼r AR-Resists},
year = {2018},
language = {German}
}
@book{schirm2002,
publisher = {UniversitÃ¤t Konstanz},
author={Christian Schrim},
title = {Leitwertfluktuationen von Ein-Atom-Kontakten},
year = {2002},
language= {German}
}
%%%%%%%%%%%%%%%%%%%%%%%%%%%%%%%%%%%%%%%%%%%%%%%%%%%%%%%%%%%%%%%%%%%%%%%%%%
% SETUP
%%%%%%%%%%%%%%%%%%%%%%%%%%%%%%%%%%%%%%%%%%%%%%%%%%%%%%%%%%%%%%%%%%%%%%%%%%
@manual{LD400manual,
author = {BlueFors Cryogenics},
title = {BF-LD400 Cryogen-free Dilution Refrigerator System},
year = {2013},
version = {1.4.0}
}
@manual{LS370manual,
author = {Lake Shore Cryotronics, Inc.},
title = {Model 370 AC Resistance Bridge},
year = {2009},
revision = {1.14}
}
@manual{RX102bmanual,
author = {Lake Shore Cryotronics, Inc.},
title = {Ruthenium Oxide (RoxTM) RTDs}
}
@manual{CX1010manual,
author = {Lake Shore Cryotronics, Inc.},
title = {Cernox RTDs}
}
@manual{GIR2002manual,
author = {Greisinger electronic GmbH},
title = {GIA 2000 / GIR 2002},
version = {2.8}
}
@manual{GMH3manual,
author = {Greisinger electronic GmbH},
title = {GMH3xxx - Serial Interface},
year = {2004}
}
@manual{AM430manual,
author = {American Magnetics, Inc.},
title = {Model 430 Power Supply Programmer},
year = {2017},
review = {9}
}
@manual{ZNB40manual,
author = {Rohde\&Schwarz},
title = {R\&S ZNB/ZNBT Vector Network Analyzers, User Manual},
year = {2020},
version = {52}
}
@manual{U7227manual,
author = {Keysight Technologies},
title = {Keysight U7227A/C/F USB Pre-Amplifier},
year = {2019},
edition = {5}
}
@manual{HelioxVLmanual,
author = {Oxford Instruments},
title = {Heliox Sorption Pumped He-3 Refrigerator Systems},
year = {2013}
}
@manual{IPS12010manual,
author = {Oxford Instruments},
title = {IPS120-10 Superconducting Magnet Power Supplies},
year = {2000},
issue = {06}
}

%%%%%%%%%%%%%%%%%%%%%%%%%%%%%%%%%%%%%%%%%%%%%%%%%%%%%%%%%%%%%%%%%%%%%%%%%%
% ANALYSIS
%%%%%%%%%%%%%%%%%%%%%%%%%%%%%%%%%%%%%%%%%%%%%%%%%%%%%%%%%%%%%%%%%%%%%%%%%%

%%%%%%%%% Modelling
@article{maierflaig2018,
author = {Maier-Flaig,Hannes  and Goennenwein,Sebastian T. B.  and Ohshima,Ryo  and Shiraishi,Masashi  and Gross,Rudolf  and Huebl,Hans  and Weiler,Mathias },
title = {Note: Derivative divide, a method for the analysis of broadband ferromagnetic resonance in the frequency domain},
journal = {Review of Scientific Instruments},
volume = {89},
number = {7},
pages = {076101},
year = {2018},
doi = {10.1063/1.5045135}
}
@book{siegl2020,
publisher = {Technische UniversitÃ¤t Dresden},
author={Luise Siegl},
title = {Spin Dynamics in Magnetic Garnets by Broadband Ferromagnetic Resonance Measurements},
year = {2020}
}
@book{Louis2016,
publisher = {Technische UniversitÃ¤t MÃ¼nchen},
author={Philip Dominic Louis},
title = {Broadband-Spectroscopy of Magnetic Materials at Low Temperatures},
year = {2016}
}
@book{maierflaig2017,
publisher = {Technische UniversitÃ¤t MÃ¼nchen},
author={Hannes Benjamin Maier-Flaig},
title = {Magnetic resonance of ferrimagnetic insulators},
year = {2017}
}
@ARTICLE{Barry1986,
  author={Barry, W.},
  journal={IEEE Transactions on Microwave Theory and Techniques},
  title={A Broad-Band, Automated, Stripline Technique for the Simultaneous Measurement of Complex Permittivity and Permeability}, 
  year={1986},
  volume={34},
  number={1},
  pages={80-84},
  doi={10.1109/TMTT.1986.1133283}}

%%%%%%%%% FDR
@article{smithrose1933,
 ISSN = {09501207},
 author = {R. L. Smith-Rose},
 journal = {Proceedings of the Royal Society of London. Series A, Containing Papers of a Mathematical and Physical Character},
 number = {841},
 pages = {359--377},
 publisher = {The Royal Society},
 title = {The Electrical Properties of Soil for Alternating Currents at Radio Frequencies},
 volume = {140},
 year = {1933}
}
@manual{keysightFDR,
author = {Keysight Technologies},
title = {Time Domain Analysis Using a Network Analyzer},
year={2020}
}
@ARTICLE{shin2005,
  author={Y. -. {Shin} and E. J. {Powers} and T. -. {Choe} and  {Chan-Young Hong} and  {Eun-Seok Song} and  {Jong-Gwan Yook} and  {Jin Bae Park}},
  journal={IEEE Transactions on Instrumentation and Measurement}, 
  title={Application of time-frequency domain reflectometry for detection and localization of a fault on a coaxial cable}, 
  year={2005},
  volume={54},
  number={6},
  pages={2493-2500},
  doi={10.1109/TIM.2005.858115}}
@ARTICLE{vanhamme1990,
  author={H. {Vanhamme}},
  journal={IEEE Transactions on Instrumentation and Measurement}, 
  title={High resolution frequency-domain reflectometry}, 
  year={1990},
  volume={39},
  number={2},
  pages={369-375},
  doi={10.1109/19.52517}}

@manual{HS2020,
author = {HUBER$+$SUHNER},
year = {2020},
month = {08},
title = {Data Sheet SF102}
}
@manual{elspec,
author = {elspec GmbH},
title = {Ãœbersicht Semi-Rigid Kabel},
language = {German}
}

% gmean
@book{gonzalez2008,
  author = {Gonzalez, Rafael C. and Woods, Richard E.},
  publisher = {Prentice Hall},
  title = {Digital image processing},
  year = {2008}
}

@manual{ZNB40brochure,
author = {Rohde\&Schwarz},
title = {R\&S ZNB/ZNBT Vector Network Analyzers, Product Brochure},
year = {2020},
version = {9}
}
@manual{ZNB40spec,
author = {Rohde\&Schwarz},
title = {R\&S ZNB/ZNBT Vector Network Analyzers, Specifications},
year = {2021},
version = {13}
}
%%%%%%%%%%%%%%%%%%%%%%%%%%%%%%%%%%%%%%%%%%%%%%%%%%%%%%%%%%%%%%%%%%%%%%%%%%%%%%%%%%%%
%%%% Physical Findings
@article{Tinouche2015,
author = {Tinouche and Kharmouche and Aktas and Yildiz and Kocbay},
year = {2015},
month = {03},
pages = {921-5},
title = {Magnetic and Structural Properties of Co Thin Films Evaporated on GaAs Substrate},
volume = {28},
journal = {Journal of Superconductivity and Novel Magnetism},
doi = {10.1007/s10948-014-2863-y}
}
@article{Jamali2014,
author = {Jamali,Mahdi  and Lv,Yang  and Zhao,Zhengyang  and Wang,Jian-Ping },
title = {Sputtering of cobalt film with perpendicular magnetic anisotropy on disorder-free graphene},
journal = {AIP Advances},
volume = {4},
number = {10},
pages = {107102},
year = {2014},
doi = {10.1063/1.4897333}
}
@article{Aus1998,
author = {Aus, M. and Cheung, C. and Szpunar, Barbara and Erb, U. and Szpunar, Jerzy},
year = {1998},
month = {01},
pages = {1949-1952},
title = {Saturation Magnetization of Porosity-free Nanocrystalline Cobalt},
volume = {17},
journal = {Journal of Materials Science Letters},
doi = {10.1023/A:1006620812602}
}
@book{Jiles2015,
  author = {Gonzalez, Rafael C. and Woods, Richard E.},
  publisher = {Boca Raton},
  title = {Introduction to Magnetism and Magnetic Materials},
  year = {2015},
  edition = {3rd Edition}
}
@article{Szmaja2010,
author = {Szmaja, Witold and Kozlowski, Witold and Balcerski, Jozef and Kowalczyk, P.J. and Grobelny, Jaroslaw and Cichomski, Michal},
year = {2010},
month = {09},
pages = {526-529},
title = {Study of obliquely deposited thin cobalt films},
volume = {506},
journal = {Journal of Alloys and Compounds - J ALLOYS COMPOUNDS},
doi = {10.1016/j.jallcom.2010.07.096}
}
@article{Kumar2015,
author = {Nishant Kumar and Ruud W. A. Hendrikx and AurÃ¨le J. L. Adam and Paul C. M. Planken},
journal = {Opt. Express},
keywords = {Metals; Thin films, other properties; Ultrafast phenomena; Spectroscopy, teraherz ; Electric fields; Femtosecond lasers; Femtosecond pulses; Nonlinear optical materials; Terahertz generation; Thin films},
number = {11},
pages = {14252--14262},
publisher = {OSA},
title = {Thickness dependent terahertz emission from cobalt thin films},
volume = {23},
month = {6},
year = {2015},
doi = {10.1364/OE.23.014252}}

@article{eschrig2015,
author = {Eschrig, Matthias},
year = {2015},
month = {09},
pages = {},
title = {Spin-polarized supercurrents for spintronics: A review of current progress},
volume = {78},
journal = {Reports on progress in physics. Physical Society (Great Britain)},
doi = {10.1088/0034-4885/78/10/104501}
}
@article{eschrig2011,
author = {Eschrig, Matthias},
year = {2011},
month = {01},
pages = {},
title = {Spin-polarized supercurrents for spintronics},
volume = {64},
journal = {Physics Today},
doi = {10.1063/1.3541944}
}
@article{ALAMEDA1996,
title = {Effects of the initial stages of film growth on the magnetic anisotropy of obliquely-deposited cobalt thin films},
journal = {Journal of Magnetism and Magnetic Materials},
volume = {154},
number = {2},
pages = {249-253},
year = {1996},
issn = {0304-8853},
doi = {10.1016/0304-8853(95)00577-3},
author = {J.M. Alameda and F. Carmona and F.H. Salas and L.M. Alvarez-Prado and R. Morales and G.T. PÃ©rez}
}


@book{hunklinger2011,
  title={Festk{\"o}rperphysik},
  author={Hunklinger, S.},
  isbn={9783486705478},
  series={Mathematik, Physik 10-2012},
  year={2011},
  publisher={Oldenbourg}
}